@article
{
	web_taspaths, 
	author = {Weber, Tobias},
	title = {{TAS-Paths}},
	doi = {10.5281/zenodo.4625649},
	year = {2021},
	month = {Sep},
	publisher = {Zenodo},
}
